@misc{upstream2025,
    title={LLaMA Factory},
    author={Upstream Contributors},
    year={2025},
    url={https://github.com/hiyouga/LLaMA-Factory}
}

@misc{zenresearch2025,
    title={Zen Research: Open AI Ecosystem},
    author={Zen Research Authors},
    year={2025},
    url={https://github.com/zenlm}
}